%% This document is a bibtex export of HAL publication
%% Date of the export : 02/05/2012
%% Criteria : Author : 'friggeri'

@Patent{cem-patent,
 AUTHOR = {E. Cruz-aguilar and P. Ganesh and M. Kandasamy and C. Meyer and S. Tovcimak},
 TITLE = {Enhanced Mechanisms for Granting Access to Shared Resources},
 YEAR = {03-26-2015},
 TYPE = {US Patent 20150089059},
 URL = {http://appft1.uspto.gov/netacgi/nph-Parser?Sect1=PTO1&Sect2=HITOFF&d=PG01&p=1&u=/netahtml/PTO/srchnum.html&r=1&f=G&l=50&s1=20150089059.PGNR.},
}

@thesis{cem-comoto-thesis,
 AUTHOR = {Meyer, C},
 TITLE = {CoMoTo: The Collaboration Modeling Toolkit},
 school = {University of Illinois at Urbana-Champaign},
 YEAR = {2012},
 month = {August},
 URL = {https://www.ideals.illinois.edu/handle/2142/34353},
 TYPE = {MS Thesis}
 }

@inproceedings{cem-iticse-2011,
  AUTHOR = {C. Meyer and C. Heeren and J. Tedesco and E. Shaffer},
  TITLE = {CoMoTo: The Collaboration Modeling Toolkit},
  BOOKTITLE = {ITiCSE},
  YEAR = {2011},
  ADDRESS = {Darmstadt, Germany},
  URL = {http://dl.acm.org/citation.cfm?id=1999789}
}

@inproceedings{cem-iticse-2012,
  AUTHOR = {C. Meyer and M. Woodley},
  TITLE = {Programming Studio: Advances and Lessons Learned},
  BOOKTITLE = {ITiCSE},
  YEAR = {2012},
  ADDRESS = {Haifa, Israel},
  URL = {http://dl.acm.org/citation.cfm?id=2325384}
}

@techreport{cem-ideals-mocking-js,
  AUTHOR = {C. Meyer},
  TITLE = {Mocking an Integrated Clinical Environment with JavaScript},
  YEAR = {2009},
  MONTH = Aug,
  INSTITUTION = {University of Illinois at Urbana-Champaign},
  URL = {https://www.ideals.illinois.edu/handle/2142/29945}
}

@techreport{cem-hotsausage-js,
  AUTHOR = {C. Meyer and M. Rabb},
  TITLE = {JavaScript: Bringing Object-Level Security to the Browser},
  YEAR = {2009},
  MONTH = May,
  INSTITUTION = {University of Illinois at Urbana-Champaign},
  URL = {https://www.ideals.illinois.edu/handle/2142/29944}
}